% This file was created with JabRef 2.6.
% Encoding: Cp1252

@preamble{
   "\def\cprime{$'$} "
}

@book{Gri99,
    AUTHOR = {Grimmett, Geoffrey},
     TITLE = {Percolation},
    SERIES = {Grundlehren der Mathematischen Wissenschaften [Fundamental Principles of Mathematical Sciences]},
    VOLUME = {321},
   EDITION = {Second},
 PUBLISHER = {Springer-Verlag},
   ADDRESS = {Berlin},
      YEAR = {1999},
     PAGES = {xiv+444},
      ISBN = {3-540-64902-6},
   MRCLASS = {60K35 (60-02 82B43)},
  MRNUMBER = {1707339 (2001a:60114)},
MRREVIEWER = {Neal Madras},
}

@book{bollobas2006percolation,
  title={Percolation},
  author={Bollob{\'a}s, B. and Riordan, O.},
  isbn={9780521872324},
  lccn={2006287798},
  url={http://books.google.fr/books?id=PMOAA2SacuYC},
  year={2006},
  publisher={Cambridge University Press}
}

